@book{franchini2008introduccion,
  title={Introducci{\'o}n a la ingenier{\'\i}a aeroespacial},
  author={Franchini, Sebasti{\'a}n and Garc{\'\i}a, {\'O}scar L{\'o}pez},
  year={2008},
  publisher={Escuela T{\'e}cnica Superior de Ingenieros Aeron{\'a}uticos, Universidad Polit{\'e}cnica de Madrid}
}


@book{curtis2013orbital,
  title={Orbital mechanics for engineering students},
  author={Curtis, Howard D},
  year={2013},
  publisher={Butterworth-Heinemann}
}
